|0000|006|0|01122012|31122012|AUTO GERAL DE ITU LTDA|05437537000137||SP|387034155115|3523909|2623||A|1|
|0001|0|
|0005|AUTO GERAL|13301909|AV.DR.OCTAVIANO PEREIRA MENDES|1333||CENTRO|1140137777|1140137777|autogeral@autogeral.com.br|
|0100|VANESSA REGINA GAVIOLI|27859578816|ASP199019/O||13300190|RUA PADRE BARTOLOMEU TADEI|268||CENTRO|1140231678|1140231678|officecont@uol.com.br|3523909|
|0990|5|
|C001|1|
|C990|2|
|D001|1|
|D990|2|
|E001|0|
|E100|01122012|31122012|
|E110|0|0|0|0|0|0|0|0|0|0|0|0|0|0|
|E990|4|
|G001|1|
|G990|2|
|H001|1|
|H990|2|
|1001|0|
|1010|N|N|N|N|N|N|N|N|N|
|1990|3|
|9001|0|
|9900|0000|1|
|9900|0001|1|
|9900|0005|1|
|9900|0100|1|
|9900|0990|1|
|9900|C001|1|
|9900|C990|1|
|9900|D001|1|
|9900|D990|1|
|9900|E001|1|
|9900|E100|1|
|9900|E110|1|
|9900|E990|1|
|9900|G001|1|
|9900|G990|1|
|9900|H001|1|
|9900|H990|1|
|9900|1001|1|
|9900|1010|1|
|9900|1990|1|
|9900|9001|1|
|9900|9990|1|
|9900|9999|1|
|9900|9900|24|
|9990|27|
|9999|47|
